@article{parikh1980adaptive,
  title={An adaptive lattice algorithm for recursive filters},
  author={Parikh, D and Ahmed, N and Stearns, SDSD},
  journal={Acoustics, Speech and Signal Processing, IEEE Transactions on},
  volume={28},
  number={1},
  pages={110--111},
  year={1980},
  publisher={IEEE}
}

@article{stereoscopy,
	title={Contributions to the Physiology of Vision. Part the Frist. ON some remarkable, and hitherto unobserved, Phenonmena of Binocolur Vision},
	author={Charles Wheatstone},
	journal={Philosophical Transactions},
	volume={128},
	pages={371--394},
	year={1838},
	publisher={Royal Society of London}
}

@misc{cardboarddev,
	author={Google},
	title={Google VR SDK for Unity},
	url={https://developers.google.com/vr/unity/}
}

@misc{vivedevelopment,
	author={HTC},
	title={Vive | Develop for Vive and SteamVR},
	url={https://developer.viveport.com/us/develop_portal/}
}

@misc{riftdevelopment,
	author={Oculus},
	title={Developer Center -- Documentation and SDKs | Oculus},
	url={https://developer3.oculus.com/documentation/game-engines/latest/}
}

@misc{unrealfeatures,
	author={{Epic Games}},
	title={About Unreal Engine 4},
	url={https://www.unrealengine.com/unreal-engine-4}	
}

@misc{vivetechnology,
	author={{Valve Corp.}},
	title={SteamVR Tracking},
	url={https://partner.steamgames.com/vrtracking/}
}

@misc{vivenolinux,
	author={Chris Hoffman},
	title={The HTC Vive and Valve's SteamVR don't yet support Linux and SteamOS},
	url={http://www.pcworld.com/article/3053527/linux/the-htc-vive-and-valves-steamvr-dont-yet-support-linux-and-steamos.html}
}

@misc{vivehardware,
	author={{Valve Corp.}},
	title={HTC Vive},
	url={http://store.steampowered.com/app/358040/}
}

@misc{unrealfeaturelist,
	author={{Epic Games}},
	title={Engine Features},
	url={https://docs.unrealengine.com/latest/INT/Engine/}
}

@misc{thelab,
	author={{Valve}},
	title={The Lab},
	url={http://store.steampowered.com/app/450390/}
}

@misc{spacepiratetrainer,
	author={{I-Illusions}},
	title={Space Pirate Trainer},
	url={http://store.steampowered.com/app/418650/}
}

@misc{steamvr,
	author={{Valve}},
	title={SteamVR},
	url={http://store.steampowered.com/steamvr}
}

@misc{elitedangerous,
	author={{Frontier Developments}},
	title={Elite Dangerous},
	url={http://store.steampowered.com/app/359320/}
}

@misc{aerotwist,
	author={Aerotwist},
	title={Create Your Own Environment Maps},
	url={https://aerotwist.com/tutorials/create-your-own-environment-maps/}
}

@misc{unrealCubeMaps,
	author={Unreal Engine},
	title={Creating Cube Maps},
	url={https://docs.unrealengine.com/latest/INT/Engine/Content/Types/Textures/Cubemaps/CreatingCubemaps/index.html}
}